@incollection{NIPS2014_5423,
title = {Generative Adversarial Nets},
author = {Goodfellow, Ian and Pouget-Abadie, Jean and Mirza, Mehdi and Xu, Bing and Warde-Farley, David and Ozair, Sherjil and Courville, Aaron and Bengio, Yoshua},
booktitle = {Advances in Neural Information Processing Systems 27},
editor = {Z. Ghahramani and M. Welling and C. Cortes and N. D. Lawrence and K. Q. Weinberger},
pages = {2672--2680},
year = {2014},
publisher = {Curran Associates, Inc.},
url = {http://papers.nips.cc/paper/5423-generative-adversarial-nets.pdf}
}

@article{Williams:1992:SSG:139611.139614,
 author = {Williams, Ronald J.},
 title = {Simple Statistical Gradient-Following Algorithms for Connectionist Reinforcement Learning},
 journal = {Mach. Learn.},
 issue_date = {May 1992},
 volume = {8},
 number = {3-4},
 month = may,
 year = {1992},
 issn = {0885-6125},
 pages = {229--256},
 numpages = {28},
 url = {https://doi.org/10.1007/BF00992696},
 doi = {10.1007/BF00992696},
 acmid = {139614},
 publisher = {Kluwer Academic Publishers},
 address = {Norwell, MA, USA},
 keywords = {Reinforcement learning, connectionist networks, gradient descent, mathematical analysis},
} 

@article{benner_2003, title={Synthetic biology: Act natural}, volume={421}, DOI={10.1038/421118a}, number={6919}, journal={Nature}, author={Benner, Steven A.}, year={2003}, pages={118â€“118}} 

@article{nie2018relgan,
  title={RelGAN: Relational generative adversarial networks for text generation},
  author={Nie, Weili and Narodytska, Nina and Patel, Ankit},
  year={2018}
}

@inproceedings{haidar2019textkd,
  title={TextKD-GAN: text generation using knowledge distillation and generative adversarial networks},
  author={Haidar, Md Akmal and Rezagholizadeh, Mehdi},
  booktitle={Canadian Conference on Artificial Intelligence},
  pages={107--118},
  year={2019},
  organization={Springer}
}

@article{kusner2016gans,
  title={Gans for sequences of discrete elements with the gumbel-softmax distribution},
  author={Kusner, Matt J and Hern{\'a}ndez-Lobato, Jos{\'e} Miguel},
  journal={arXiv preprint arXiv:1611.04051},
  year={2016}
}

@inproceedings{yu2017seqgan,
  title={Seqgan: Sequence generative adversarial nets with policy gradient},
  author={Yu, Lantao and Zhang, Weinan and Wang, Jun and Yu, Yong},
  booktitle={Thirty-First AAAI Conference on Artificial Intelligence},
  year={2017}
}

@article{devlin2018bert,
  title={Bert: Pre-training of deep bidirectional transformers for language understanding},
  author={Devlin, Jacob and Chang, Ming-Wei and Lee, Kenton and Toutanova, Kristina},
  journal={arXiv preprint arXiv:1810.04805},
  year={2018}
}

@article{tuan2019improving,
  title={Improving conditional sequence generative adversarial networks by stepwise evaluation},
  author={Tuan, Yi-Lin and Lee, Hung-Yi},
  journal={IEEE/ACM Transactions on Audio, Speech, and Language Processing},
  volume={27},
  number={4},
  pages={788--798},
  year={2019},
  publisher={IEEE}
}

@article{semeniuta2018accurate,
  title={On accurate evaluation of gans for language generation},
  author={Semeniuta, Stanislau and Severyn, Aliaksei and Gelly, Sylvain},
  journal={arXiv preprint arXiv:1806.04936},
  year={2018}
}

@article{caccia2018language,
  title={Language gans falling short},
  author={Caccia, Massimo and Caccia, Lucas and Fedus, William and Larochelle, Hugo and Pineau, Joelle and Charlin, Laurent},
  journal={arXiv preprint arXiv:1811.02549},
  year={2018}
}